[gd_scene load_steps=7 format=2]

[ext_resource path="res://assets/exitBUTTON2.png" type="Texture" id=1]
[ext_resource path="res://assets/playBUTTON2.png" type="Texture" id=2]
[ext_resource path="res://scripts/Menu.gd" type="Script" id=3]
[ext_resource path="res://assets/loadBUTTON2.png" type="Texture" id=4]
[ext_resource path="res://assets/acromatitlenobuttons.png" type="Texture" id=5]
[ext_resource path="res://scenes/DialogPopup.tscn" type="PackedScene" id=6]

[node name="Menu" type="Control"]
anchor_right = 1.0
anchor_bottom = 1.0
script = ExtResource( 3 )
__meta__ = {
"_edit_use_anchors_": false
}

[node name="TitleSprite" type="Sprite" parent="."]
texture = ExtResource( 5 )
centered = false

[node name="VBoxContainer" type="VBoxContainer" parent="."]
margin_top = 300.0
margin_right = 1024.0
margin_bottom = 600.0
__meta__ = {
"_edit_use_anchors_": false
}

[node name="CenterContainer2" type="CenterContainer" parent="VBoxContainer"]
margin_right = 1024.0
margin_bottom = 115.0

[node name="HBoxContainer" type="HBoxContainer" parent="VBoxContainer/CenterContainer2"]
margin_left = 231.0
margin_right = 793.0
margin_bottom = 115.0

[node name="Play" type="TextureButton" parent="VBoxContainer/CenterContainer2/HBoxContainer"]
margin_right = 279.0
margin_bottom = 115.0
texture_normal = ExtResource( 2 )

[node name="Load" type="TextureButton" parent="VBoxContainer/CenterContainer2/HBoxContainer"]
margin_left = 283.0
margin_right = 562.0
margin_bottom = 115.0
texture_normal = ExtResource( 4 )

[node name="CenterContainer" type="CenterContainer" parent="VBoxContainer"]
margin_top = 119.0
margin_right = 1024.0
margin_bottom = 198.0

[node name="Exit" type="TextureButton" parent="VBoxContainer/CenterContainer"]
margin_left = 413.0
margin_right = 610.0
margin_bottom = 79.0
texture_normal = ExtResource( 1 )

[node name="WipeData" parent="VBoxContainer" instance=ExtResource( 6 )]
margin_left = 512.0
margin_top = 153.0
margin_right = 512.0
margin_bottom = 164.0
[connection signal="pressed" from="VBoxContainer/CenterContainer2/HBoxContainer/Play" to="." method="_on_Play_pressed"]
[connection signal="pressed" from="VBoxContainer/CenterContainer2/HBoxContainer/Load" to="." method="_on_Load_pressed"]
[connection signal="pressed" from="VBoxContainer/CenterContainer/Exit" to="." method="_on_Exit_pressed"]
